<?xml version="1.0" encoding="UTF-8"?><collection xmlns="http://www.loc.gov/MARC21/slim"><record><leader>00380nam--2200133-i-4500</leader><controlfield tag="001">000014457</controlfield><controlfield tag="002">20161230</controlfield><controlfield tag="005">20161230201030</controlfield><controlfield tag="008">060222s1000------------r-----000-0-eng-d</controlfield><datafield ind1=" " ind2=" " tag="080"><subfield code="a">512.813(043)</subfield></datafield><datafield ind1=" " ind2=" " tag="100"><subfield code="a">Bogvad, Rikard</subfield></datafield><datafield ind1=" " ind2=" " tag="245"><subfield code="a">Graded lie algebras in local algebra and ratio nal homotopy. dissertation</subfield></datafield><datafield ind1=" " ind2=" " tag="260"><subfield code="a">Stockholm, Inst. Of Physics, 1983. Pag.Dif</subfield></datafield><datafield ind1=" " ind2=" " tag="852"><subfield code="a">71124</subfield></datafield></record></collection>